@InProceedings{Boh:10,
    author = {Bernd Bohnet},
    title = {Very {H}igh {A}ccuracy and {F}ast {D}ependency {P}arsing is not a
        {C}ontradiction},
    booktitle = {Proceedings of the 23rd {I}nternational {C}onference on
        {C}omputational {L}inguistics},
    pages = {89--97},
    year = {2010},
    address = {Beijing, China},
}