% @MISC{penn-treebank,
%     author = {Ann Taylor and Mitchell Marcus and Beatrice Santorini},
%     title = {The Penn Treebank: An Overview},
%     year = {2003}
% }

% @misc{prague-dependency-treebank-3.0,
%       title = {Prague Dependency Treebank 3.0},
%       author = {Eduard Bej{\v{c}}ek and Eva Haji{\v{c}}ov{\'{a}} and Jan Haji{\v{c}} and Pavl{\'{i}}na J{\'{i}}nov{\'{a}} and V{\'{a}}clava Kettnerov{\'{a}} and Veronika Kol{\'{a}}{\v{r}}ov{\'{a}} and Marie Mikulov{\'{a}} and Ji{\v{r}}{\'{i}} M{\'{i}}rovsk{\'{y}} and Anna Nedoluzhko and Jarmila Panevov{\'{a}} and Lucie Pol{\'{a}}kov{\'{a}} and Magda {\v{S}}ev{\v{c}}{\'{i}}kov{\'{a}} and Jan {\v{S}}t{\v{e}}p{\'{a}}nek and {\v{S}}{\'{a}}rka Zik{\'{a}}nov{\'{a}}},
%       year = {2013},
%       publisher = {Univerzita Karlova v Praze, {MFF}, {\'{U}}{FAL}},
%       address = {Prague, Czech republic},
% }

% @inproceedings{endocentric-exocentric,
%   title={Bare phrase structure, label-less trees, and specifier-less syntax. Is Minimalism becoming a dependency grammar?},
%   author={Timothy Osborne and Michael Putman and Thomas M. Gross},
%   booktitle={The Linguistic Review 28 (2011), 315–364},
%   year={2011}
% }

% @inproceedings{Turku,
%   title={Turku: Broad-Coverage Semantic Parsing with Rich Features},
%   author={Jenna Kanerva and Juhani Luotolahti and Filip Ginter},
%   year={2014}
% }

% @inproceedings{frame-identification,
% title = {Semantic Frame Identification with Distributed Word Representations},
% author  = {Karl Moritz Hermann and Dipanjan Das and Jason Weston and Kuzman Ganchev},
% year  = 2014,
% booktitle = {Proceedings of the 52th Annual Meeting of the Association for Computational Linguistics}
% }

% @INPROCEEDINGS{mcdonald-nivre-error-analysis,
%     author = {Ryan Mcdonald and Joakim Nivre},
%     title = {Characterizing the errors of data-driven dependency parsing models},
%     booktitle = {Proceedings of the Conference on Empirical Methods in Natural Language Processing and Natural Language Learning},
%     year = {2007}
% }

% @misc{prague-dependency-treebank,
%       title = {Prague Dependency Treebank 3.0},
%       author = {Eduard Bej{\v{c}}ek and Eva Haji{\v{c}}ov{\'{a}} and Jan Haji{\v{c}} and Pavl{\'{i}}na J{\'{i}}nov{\'{a}} and V{\'{a}}clava Kettnerov{\'{a}} and Veronika Kol{\'{a}}{\v{r}}ov{\'{a}} and Marie Mikulov{\'{a}} and Ji{\v{r}}{\'{i}} M{\'{i}}rovsk{\'{y}} and Anna Nedoluzhko and Jarmila Panevov{\'{a}} and Lucie Pol{\'{a}}kov{\'{a}} and Magda {\v{S}}ev{\v{c}}{\'{i}}kov{\'{a}} and Jan {\v{S}}t{\v{e}}p{\'{a}}nek and {\v{S}}{\'{a}}rka Zik{\'{a}}nov{\'{a}}},
%       year = {2013},
%       publisher = {Univerzita Karlova v Praze, {MFF}, {\'{U}}{FAL}},
%       address = {Prague, Czech republic},
% }

% @inproceedings{semeval2014,
%   title={SemEval 2014 Task 8: Broad-coverage semantic dependency parsing},
%   author={Oepen, Stephan and Kuhlmann, Marco and Miyao, Yusuke and Zeman, Daniel and Flickinger, Dan and Hajic, Jan and Ivanova, Angelina and Zhang, Yi},
%   booktitle={Proceedings of the 8th International Workshop on Semantic Evaluation (SemEval 2014)},
%   pages={63--72},
%   year={2014}
% }

% @inproceedings{semeval2015,
%   title={SemEval 2015 Task 18: Broad-coverage semantic dependency parsing},
%   author={Oepen, Stephan and Kuhlmann, Marco and Miyao, Yusuke and Zeman, Daniel and Flickinger, Dan and Hajic, Jan and Ivanova, Angelina and Zhang, Yi},
%   booktitle={Proceedings of the 9th International Workshop on Semantic Evaluation (SemEval 2014)},
%   pages={915--926},
%   year={2015}
% }

% @article{earley1970efficient,
%   title={An efficient context-free parsing algorithm},
%   author={Earley, Jay},
%   journal={Communications of the ACM},
%   volume={13},
%   number={2},
%   pages={94--102},
%   year={1970},
%   publisher={ACM}
% }

% @article{younger1967recognition,
%   title={Recognition and parsing of context-free languages in time n 3},
%   author={Younger, Daniel H},
%   journal={Information and control},
%   volume={10},
%   number={2},
%   pages={189--208},
%   year={1967},
%   publisher={Elsevier}
% }

% @article{kubler-sandra-mcdonald-ryan-nivre-book,
%   title={Dependency parsing},
%   author={K{\"u}bler, Sandra and McDonald, Ryan and Nivre, Joakim},
%   journal={Synthesis Lectures on Human Language Technologies},
%   volume={1},
%   number={1},
%   pages={1--127},
%   year={2009},
%   publisher={Morgan \& Claypool Publishers}
% }

% @article{nivre2007maltparser,
%   title={MaltParser: A language-independent system for data-driven dependency parsing},
%   author={Nivre, Joakim and Hall, Johan and Nilsson, Jens and Chanev, Atanas and Eryigit, G{\"u}lsen and K{\"u}bler, Sandra and Marinov, Svetoslav and Marsi, Erwin},
%   journal={Natural Language Engineering},
%   volume={13},
%   number={02},
%   pages={95--135},
%   year={2007},
%   publisher={Cambridge Univ Press}
% }

% @article{carroll2000statistical,
%   title={Statistical parsing},
%   author={Carroll, John},
%   journal={Handbook of Natural Language Processing, Marcel Dekker},
%   pages={525--543},
%   year={2000}
% }

% @book{nikula1986dependensgrammatik,
%   title={Dependensgrammatik},
%   author={Nikula, Henrik},
%   year={1986},
%   publisher={LiberF{\"o}rlag}
% }

% @book{kuhlmann2010dependency,
%   title={Dependency Structures and Lexicalized Grammars: An Algebraic Approach},
%   author={Kuhlmann, Marco},
%   volume={6270},
%   year={2010},
%   publisher={Springer}
% }

% @book{melcuk,
%   title={Dependency syntax: theory and practice},
%   author={Mel'čuk, Igor Aleksandrovič},
%   year={1988},
%   publisher={State University of New York Press}
% }

% @book{hudson1990english,
%   title={English word grammar},
%   author={Hudson, Richard A},
%   volume={108},
%   year={1990},
%   publisher={Basil Blackwell Oxford}
% }

% @book{sgall1986meaning,
%   title={The meaning of the sentence in its semantic and pragmatic aspects},
%   author={Sgall, Petr and Hajicov{\'a}, Eva and Panevov{\'a}, Jarmila},
%   year={1986},
%   publisher={Springer Science \& Business Media}
% }

% @book{tesniere2015elements,
%   title={Elements of Structural Syntax},
%   author={Tesni{\`e}re, Lucien},
%   isbn={9789027212122},
%   lccn={2014021968},
%   url={https://books.google.no/books?id=FNjooAEACAAJ},
%   year={2015},
%   publisher={John Benjamins Publishing Company}
% }

% @book{nivre2006inductive,
%   title={Inductive dependency parsing},
%   author={Nivre, Joakim},
%   year={2006},
%   publisher={Springer}
% }

% @inproceedings{johansson2007extended,
%   title={Extended constituent-to-dependency conversion for English},
%   author={Johansson, Richard and Nugues, Pierre},
%   booktitle={16th Nordic Conference of Computational Linguistics},
%   pages={105--112},
%   year={2007},
%   organization={University of Tartu}
% }

% @phdthesis{mcdonald2006discriminative,
%   title={Discriminative learning and spanning tree algorithms for dependency parsing},
%   author={McDonald, Ryan},
%   year={2006},
%   school={University of Pennsylvania}
% }

% @inproceedings{nivre2004deterministic,
%   title={Deterministic dependency parsing of English text},
%   author={Nivre, Joakim and Scholz, Mario},
%   booktitle={Proceedings of the 20th international conference on Computational Linguistics},
%   pages={64},
%   year={2004},
%   organization={Association for Computational Linguistics}
% }

% @article{magerman1994natural,
%   title={Natural language parsing as statistical pattern recognition},
%   author={Magerman, David M},
%   journal={arXiv preprint cmp-lg/9405009},
%   year={1994}
% }

% @article{eisner1996_a_empirical,
%   title={An empirical comparison of probability models for dependency grammar},
%   author={Eisner, Jason M},
%   year={1996},
%   publisher={Citeseer}
% }

% @inproceedings{eisner1996_b,
%   title={Three new probabilistic models for dependency parsing: An exploration},
%   author={Eisner, Jason M},
%   booktitle={Proceedings of the 16th conference on Computational linguistics-Volume 1},
%   pages={340--345},
%   year={1996},
%   organization={Association for Computational Linguistics}
% }

% @incollection{eisner2000bilexical,
%   title={Bilexical grammars and their cubic-time parsing algorithms},
%   author={Eisner, Jason},
%   booktitle={Advances in probabilistic and other parsing technologies},
%   pages={29--61},
%   year={2000},
%   publisher={Springer}
% }

% @article{GAIFMAN1965304,
% title = {Dependency systems and phrase-structure systems},
% journal = {Information and Control},
% volume = {8},
% number = {3},
% pages = {304 - 337},
% year = {1965},
% note = {},
% issn = {0019-9958},
% doi = {http://dx.doi.org/10.1016/S0019-9958(65)90232-9},
% url = {http://www.sciencedirect.com/science/article/pii/S0019995865902329},
% author = {Haim Gaifman}
% }

% @article{Nivre05dependencygrammar,
%     title = {Dependency grammar and dependency parsing},
%     author = {Joakim Nivre},
%     institution = {Växjö University},
%     year = {2005}
% }

% @article{ZwickyHead,
%     author = {Zwicky,Arnold M.},
%     title = {Heads},
%     journal = {Journal of Linguistics},
%     volume = {21},
%     issue = {01},
%     month = {3},
%     year = {1985},
%     issn = {1469-7742},
%     pages = {1--29},
%     numpages = {29},
%     doi = {10.1017/S0022226700010008},
%     URL = {http://journals.cambridge.org/article_S0022226700010008},
% }

% @article{nivre2008algorithms,
%   title={Algorithms for deterministic incremental dependency parsing},
%   author={Nivre, Joakim},
%   journal={Computational Linguistics},
%   volume={34},
%   number={4},
%   pages={513--553},
%   year={2008},
%   publisher={MIT Press}
% }

% @inproceedings{agic2014potsdam,
%   title={Potsdam: Semantic Dependency Parsing by Bidirectional Graph-Tree Transformations and Syntactic Parsing},
%   author={Agi{\'c}, {\v{Z}}eljko},
%   booktitle={International Workshop on Semantic Evaluation (SemEval 2014)},
%   year={2014},
%   organization={Hrvatska znanstvena bibliografija i MZOS-Svibor}
% }

% @inproceedings{chiang2013parsing,
%   title={Parsing Graphs with Hyperedge Replacement Grammars.},
%   author={Chiang, David and Andreas, Jacob and Bauer, Daniel and Hermann, Karl Moritz and Jones, Bevan and Knight, Kevin},
%   booktitle={ACL (1)},
%   pages={924--932},
%   year={2013}
% }

% @article{goldberg2013training,
%   title={Training deterministic parsers with non-deterministic oracles},
%   author={Goldberg, Yoav and Nivre, Joakim},
%   journal={Transactions of the association for Computational Linguistics},
%   volume={1},
%   pages={403--414},
%   year={2013}
% }

% @article{kohn2013incremental,
%   title={Incremental and predictive dependency parsing under real-time conditions},
%   author={K{\"o}hn, Arne and Menzel, Wolfgang},
%   year={2013},
%   publisher={Fachbereich Informatik}
% }

% @article{oepen2014semeval,
%   title={SemEval 2014 Task 8: Broad-coverage semantic dependency parsing},
%   author={Oepen, Stephan and Kuhlmann, Marco and Miyao, Yusuke and Zeman, Daniel and Flickinger, Dan and Hajic, Jan and Ivanova, Angelina and Zhang, Yi},
%   journal={Proc. of SemEval. Dublin, Ireland},
%   year={2014}
% }

% @inproceedings{sagae2008shift,
%   title={Shift-reduce dependency DAG parsing},
%   author={Sagae, Kenji and Tsujii, Jun'ichi},
%   booktitle={Proceedings of the 22nd International Conference on Computational Linguistics-Volume 1},
%   pages={753--760},
%   year={2008},
%   organization={Association for Computational Linguistics}
% }

